<record><leader>00000cas a22000007a 4500</leader><controlfield tag="001">23452382</controlfield><controlfield tag="008">910411d19101978mouwr ne      0    0eng d</controlfield><datafield ind1=" " ind2=" " tag="010"><subfield code="a">sn 91061006 </subfield></datafield><datafield ind1=" " ind2=" " tag="040"><subfield code="a">MQN</subfield><subfield code="b">eng</subfield><subfield code="c">MQN</subfield><subfield code="d">OCLCQ</subfield></datafield><datafield ind1=" " ind2=" " tag="042"><subfield code="a">msc</subfield></datafield><datafield ind1="0" ind2=" " tag="130"><subfield code="a">Mountain Grove journal (Mountain Grove, Mo. : 1910)</subfield></datafield><datafield ind1="1" ind2="0" tag="245"><subfield code="a">Mountain Grove journal.</subfield></datafield><datafield ind1="1" ind2="3" tag="246"><subfield code="a">South Central Ozarks farmer</subfield></datafield><datafield ind1=" " ind2=" " tag="260"><subfield code="a">Mountain Grove, Wright County, Mo. :</subfield><subfield code="b">W.C. Shannon</subfield></datafield><datafield ind1=" " ind2=" " tag="300"><subfield code="a">v.</subfield></datafield><datafield ind1=" " ind2=" " tag="310"><subfield code="a">Weekly,</subfield><subfield code="b">Oct. 17, 1974-&lt;Apr. 13, 1978&gt;</subfield></datafield><datafield ind1=" " ind2=" " tag="321"><subfield code="a">Weekly,</subfield><subfield code="b">Nov. 16, 1910-June 30, 1949</subfield></datafield><datafield ind1=" " ind2=" " tag="321"><subfield code="a">Semiweekly,</subfield><subfield code="b">July 4, 1949-Oct. 14, 1974</subfield></datafield><datafield ind1="0" ind2=" " tag="362"><subfield code="a">Vol. 12, no. 92 (Nov. 16, 1910)-</subfield></datafield><datafield ind1="1" ind2=" " tag="362"><subfield code="a">Ceased in 1978.</subfield></datafield><datafield ind1=" " ind2=" " tag="515"><subfield code="a">Vol. 12, no. 92 repeated in numbering from preceding title.</subfield></datafield><datafield ind1=" " ind2=" " tag="515"><subfield code="a">Monday issues numbered separately: Vol. 1, no. 1 (July 4, 1949)-v. 21, no. 17 (Oct. 14, 1974).</subfield></datafield><datafield ind1=" " ind2=" " tag="580"><subfield code="a">Includes supplement (or section?): South Central Ozark farmer, Sept. 19, 1974-April 13, 1978.</subfield></datafield><datafield ind1=" " ind2="4" tag="651"><subfield code="a">Mountain Grove (Mo.)</subfield><subfield code="v">Newspapers.</subfield></datafield><datafield ind1=" " ind2=" " tag="752"><subfield code="a">United States</subfield><subfield code="b">Missouri</subfield><subfield code="c">Wright</subfield><subfield code="d">Mountain Grove.</subfield></datafield><datafield ind1="0" ind2="0" tag="780"><subfield code="t">Semi-weekly journal (Mountain Grove, Mo.)</subfield><subfield code="w">(DLC)sn 91061005</subfield></datafield><datafield ind1="0" ind2="7" tag="785"><subfield code="t">Tri-county news (Mountain Grove, Mo.)</subfield><subfield code="w">(DLC)sn 89066517</subfield></datafield><datafield ind1="0" ind2="7" tag="785"><subfield code="t">Tri-county news, Mtn. Grove journal</subfield><subfield code="w">(DLC)sn 83003552</subfield></datafield><datafield ind1="1" ind2=" " tag="029"><subfield code="a">AU@</subfield><subfield code="b">000025896931</subfield></datafield></record>